@inproceedings {akp-kirszbraun,
    AUTHOR = {Alexander, Stephanie and Kapovitch, Vitali and Petrunin,
              Anton},
     TITLE = {Alexandrov meets {K}irszbraun},
 BOOKTITLE = {Proceedings of the {G}\"{o}kova {G}eometry-{T}opology {C}onference
              2010},
     PAGES = {88--109},
 PUBLISHER = {Int. Press, Somerville, MA},
      YEAR = {2011},
   MRCLASS = {53C23},
  MRNUMBER = {2931882},
MRREVIEWER = {Koichi Nagano},
}

@article {sharafutdinov,
    AUTHOR = {Sharafutdinov, V. A.},
     TITLE = {Convex sets in a manifold of nonnegative curvature},
   JOURNAL = {Mat. Zametki},
  FJOURNAL = {Akademiya Nauk Soyuza SSR. Matematicheskie Zametki},
    VOLUME = {26},
      YEAR = {1979},
    NUMBER = {1},
     PAGES = {129--136, 159},
      ISSN = {0025-567X},
   MRCLASS = {53C40 (52A99)},
  MRNUMBER = {553571},
MRREVIEWER = {A. V. Pogorelov},
}

@article {yokota,
    AUTHOR = {Yokota, Takumi},
     TITLE = {Convex functions and barycenter on {CAT}(1)-spaces of small
              radii},
   JOURNAL = {J. Math. Soc. Japan},
  FJOURNAL = {Journal of the Mathematical Society of Japan},
    VOLUME = {68},
      YEAR = {2016},
    NUMBER = {3},
     PAGES = {1297--1323},
      ISSN = {0025-5645},
   MRCLASS = {53C23},
  MRNUMBER = {3523548},
MRREVIEWER = {Bo\.{z}ena Pi\polhk atek},
       DOI = {10.2969/jmsj/06831297},
       URL = {https://doi.org/10.2969/jmsj/06831297},
}

@article {kendall,
    AUTHOR = {Kendall, Wilfrid S.},
     TITLE = {Probability, convexity, and harmonic maps with small image.
              {I}. {U}niqueness and fine existence},
   JOURNAL = {Proc. London Math. Soc. (3)},
  FJOURNAL = {Proceedings of the London Mathematical Society. Third Series},
    VOLUME = {61},
      YEAR = {1990},
    NUMBER = {2},
     PAGES = {371--406},
      ISSN = {0024-6115},
   MRCLASS = {58E20 (58G32 60G48 60J45)},
  MRNUMBER = {1063050},
MRREVIEWER = {Daniel Ocone},
       DOI = {10.1112/plms/s3-61.2.371},
       URL = {https://doi.org/10.1112/plms/s3-61.2.371},
}


@online{akp,
author={Stephanie Alexander and Vitali Kapovitch and Anton Petrunin},
title={Alexandrov geometry: preliminary version no. 1},
archivePrefix = "arXiv",
eprint        = "1903.08539v1",
primaryClass  = "math.DG"
}

%В. А. Шарафутдинов, “О выпуклых множествах в многообразии неотрицательной кривизны”, Матем. заметки, 26:1 (1979),  129–136
